<record><leader>00000cas a2200000 a 4500</leader><controlfield tag="001">26925269</controlfield><controlfield tag="008">921106c19899999kyuwr ne      0   a0eng d</controlfield><datafield ind1=" " ind2=" " tag="010"><subfield code="a">sn 92056616 </subfield></datafield><datafield ind1=" " ind2=" " tag="040"><subfield code="a">KNP</subfield><subfield code="b">eng</subfield><subfield code="c">KNP</subfield><subfield code="d">NSD</subfield><subfield code="d">OCL</subfield><subfield code="d">OCLCQ</subfield><subfield code="d">KEU</subfield><subfield code="d">OCLCQ</subfield><subfield code="d">OCLCO</subfield><subfield code="d">OCLCF</subfield></datafield><datafield ind1=" " ind2=" " tag="012"><subfield code="m">0</subfield></datafield><datafield ind1="1" ind2=" " tag="022"><subfield code="a">1074-2743</subfield><subfield code="l">1074-2743</subfield><subfield code="2">1</subfield></datafield><datafield ind1=" " ind2=" " tag="042"><subfield code="a">msc</subfield><subfield code="a">nsdp</subfield></datafield><datafield ind1=" " ind2=" " tag="043"><subfield code="a">n-us-ky</subfield></datafield><datafield ind1="0" ind2=" " tag="130"><subfield code="a">News-leader (London, Ky.)</subfield></datafield><datafield ind1=" " ind2="0" tag="222"><subfield code="a">News-leader</subfield><subfield code="b">(London, Ky.)</subfield></datafield><datafield ind1="1" ind2="0" tag="245"><subfield code="a">News-leader.</subfield></datafield><datafield ind1="1" ind2="7" tag="246"><subfield code="a">Laurel news-leader</subfield></datafield><datafield ind1=" " ind2=" " tag="260"><subfield code="a">London, Ky. :</subfield><subfield code="b">Leader Communications, Pub.,</subfield><subfield code="c">1990-</subfield></datafield><datafield ind1=" " ind2=" " tag="300"><subfield code="a">v. :</subfield><subfield code="b">ill.</subfield></datafield><datafield ind1=" " ind2=" " tag="310"><subfield code="a">Weekly</subfield></datafield><datafield ind1="1" ind2=" " tag="362"><subfield code="a">Began in 1989?</subfield></datafield><datafield ind1=" " ind2=" " tag="580"><subfield code="a">Continues: Laurel news-leader?</subfield></datafield><datafield ind1=" " ind2=" " tag="588"><subfield code="a">Description based on: Vol. 3, no. 47 (Sept. 23, 1992).</subfield></datafield><datafield ind1=" " ind2="0" tag="651"><subfield code="a">Laurel County (Ky.)</subfield><subfield code="v">Newspapers.</subfield></datafield><datafield ind1=" " ind2="0" tag="651"><subfield code="a">London (Ky.)</subfield><subfield code="v">Newspapers.</subfield></datafield><datafield ind1=" " ind2="7" tag="655"><subfield code="a">Newspapers.</subfield><subfield code="2">fast</subfield><subfield code="0">(OCoLC)fst01423814</subfield></datafield><datafield ind1=" " ind2="7" tag="651"><subfield code="a">Kentucky</subfield><subfield code="z">Laurel County.</subfield><subfield code="2">fast</subfield><subfield code="0">(OCoLC)fst01219390</subfield></datafield><datafield ind1=" " ind2="7" tag="651"><subfield code="a">Kentucky</subfield><subfield code="z">London.</subfield><subfield code="2">fast</subfield><subfield code="0">(OCoLC)fst01223606</subfield></datafield><datafield ind1="0" ind2="0" tag="780"><subfield code="t">Laurel news-leader</subfield></datafield></record>